@book{lam1994,
    title =	"\LaTeX: A Document Preparation System",
    edition = 	"Second",
    author =	"Leslie Lamport",
    publisher =	"Addison-Wesley Publishing Company",
    year =	"1994",
    isbn =	"0-201-52983-1",
}



@inproceedings{med1996,
    author =     "Nenad Medvidovic and Richard N. Taylor and
		  E. James Whitehead Jr.",
    title =      "Formal Modelling of Software Architectures at
		  Multiple Levels of Abstraction",
    booktitle =  "Proceedings of the California Software Symposium",
    month =      "Apr",
    year =       "1996",
    pages =      "28--40",
    doi =        "http://www-old.ics.uci.edu/pub/c2/publications.html",
}

@article{med2002,
    author =        "Nenad Medvidovic and David S. Rosenblum and
                     David F. Redmiles and Jason E. Robbins",
    title =         "Modeling Software Architectures in the Unified
                     Modeling Language",
    journal =       "ACM Transactions on Software Engineering and
                     Methodology (TOSEM)",
    volume =        "11",
    number =        "1",
    year =          "2002",
    issn =          "1049-331X",
    pages =         "2--57",
    doi =           "http://doi.acm.org/10.1145/504087.504088",
    publisher =     "ACM Press",
}


%1
@article{Azuma1997,
	author    = {Azuma, Ronald  T.},
	title     = {A Survey of Augmented Reality},
	journal   = {Presence: Teleoperators and Virtual Environments},
	volume    = {6},
	number    = {4},
	year      = {1997},
	pages     = {355-385}
}


%2
@inproceedings{Balog2007,
 author     = {Balog, A. and Pribeanu, C. and Iordache, D.},
 title      = {Augmented Reality in Schools: Preliminary Evaluation Results from a Summer School},
 booktitle  = {Proceedings of WASET  International Conference on Technology and Education - ICTE 2007},
 volumen    = {24},
 month      = {Oct},
 year       = {2007},
 pages      = {114-117}
}

%3
@article{Billinghurst,	
	author    = {Billinghurst, M.  and Kato, H.  and Poupyrev, I. },
	title     = {The MagicBook - moving seamlessly between reality and virtuality},
	booktitle = {Computer Graphics and Applications, IEEE},
	journal   = {Computer Graphics and Applications, IEEE},
	volume    = {21},
	number    = {3},
	month     = {May/June},
	year      = {2001},
	pages     = {6-8}
}


%4
@inproceedings(Bogen2006,
	author	  = {Manfred Bogen and Jurgen Wind and Angele Giuliano},
	title 		= {{ARiSE} - Augmented Reality in School Environments},
	booktitle = {First European Conference on Technology Enhanced Learning, EC-TEL 2006},
	address   = {Crete, Greece},
  pages     = {709-714},
  year      = {2006}
  )


%5
@inproceedings{BreiHollFord2006zw,
	author = { Marc Breisinger and Tobias Höllerer and James Ford and Doug Folsom },
	title = { Implementation and Evaluation of a 3D Multi Modal Learning Environment },
	editor = { Elaine Pearson and Paul Bohman },
	booktitle = { Proceedings of World Conference on Educational Multimedia, Hypermedia and Telecommunications 2006 },
	year = { 2006 },
	month = { June },
	pages = { 2282--2289 },
	address = { Chesapeake, VA },
	publisher = { AACE },
	url = { http://go.editlib.org/p/23324 }
}


%6
@INPROCEEDINGS{Carlsson1993,
 author     = {Carlsson, C. and Hagsand, O.},
 title      = {DIVE A multi-user virtual reality system},
 booktitle  = {Virtual Reality Annual International Symposium, 1993., 1993 IEEE},
 year       = {1993},
 month      = {Sep},
 pages      = {394-400}
}


  
%8
@BOOK{artag,
 author     = {CAWOOD S. and FIALA M.},
 title      = {Augmented Reality: A Practical Guide},
 publisher  = {Pragmatic Bookshlef},
 year       = {2008}
 }
 

%9 
@inproceedings(Fjeld2007,
  author    = {Morten Fjeld and Jonas Fredriksson and Martin Ejdestig and Florin Duca and Kristina B{\'y}tschi and Benedikt M. Voegtli and 
               Patrick Juchli},
  title     = {Tangible user interface for chemistry education: comparative evaluation and re-design},
  booktitle = {Special Interest Group on Computer-Human Interaction ({SIGCHI})},
  year      = {2007},
  pages     = {805-808})


%10
@inproceedings{Juan2008b,
	author    = {Juan, M.C. and Beatrice, F. and Cano, J.},
	title     = {An Augmented Reality System for Learning the Interior of the Human Body},
  booktitle   = {The 8th IEEE International Conference on Advanced Learning Technologies (ICALT'08)},
  year      = {2008},
  pages     = {186-188}
}

%11
@inproceedings{Juan2008c,
	author    = {Juan, M.C. and Canu, R. and Giménez, M.},
	title     = {Augmented Reality Interactive Storytelling Systems Using Tangible Cubes for Edutainment},
  booktitle   = {The 8th IEEE International Conference on Advanced Learning Technologies (ICALT 08)},
  year      = {2008},
  pages     = {233-235}
}



%12
@inproceedings{Juan2008a,
	author    = {Juan, M.C. and Furió, D. and Mollá, R. and Vicent, M. J. and Vivó, R. and Giménez, M.},
	title     = {Edutainment games included as activities in the Summer School of the Technical University of Valencia},
  booktitle   = {Game-On},
  year      = {2008},
  address   = {Valencia, España},
  pages     = {147-151}
}

%13
@inproceedings{ARToolkit,
	author = {Kato, H. and Billinghurst, M},
  title = {Marker tracking and HMD calibration for a video-based augmented reality, Conferencing system},
  booktitle = {2nd IEEE and ACM International Workshop on Augmented Reality (IWAR 99)},
  year = 1999,
  note = {http://www.hitl.washington.edu/artoolkit}
}

%14
@inproceedings{Kondo2006,
 author     = {Kondo, T},
 title      = {Augmented Learning Environment using Mixed Reality Technology.},
 booktitle  = {Proceedings of World Conference on E-Learning in Corporate, Government, Healthcare, and Higher Education 2006},
 year       = {2006},
 pages      = {83-87}
}

%15
@article(Liarokapis2004,
  author    = {Liarokapis, Fotis and Mourkoussis, Nikolaos and White, Martin and Darcy, Joe and Sifniotis, Maria and Petridis, Panos and
               Basu, Anirban and Lister, Paul F.},
  title     = {Web3D and augmented reality to support engineering education},
  journal   = {World Transactions on Engineering and Technology Education},
  volume    = {3},
  number    = {1}, 
  year      = {2004},
  pages     = {11-14}
)

%16
@ARTICLE{Liarokapis2002,
 author     = {Fotis Liarokapis and Panos Petridis and Paul F. Lister and Martin White},
 title      = {Multimedia Augmented Reality Interface for E-Learning ({MARIE})},
 journal    = {World Transactions on Engineering and Technology Education, UICEE},
 year       = {2002},
 volume     = {1},
 pages      = {173-176}
}

%17
@article{Macintyre,
	author = {Macintyre, B.  and Gandy, M.  and Bolter, J.  and Dow, S.  and Hannigan, B. },
	journal = {Mixed and Augmented Reality, 2003. Proceedings. The Second IEEE and ACM International Symposium on},
	pages = {329--330},
	title = {DART: the Designer's Augmented Reality Toolkit},
	year = {2003}
}


%18 	
@article{ MacWilliams,
author = {Asa MacWilliams and Christian Sandor and Martin Wagner and Martin Bauer and Gudrun Klinker and Bernd Bruegge},
title = {Herding Sheep: Live System Development for Distributed Augmented Reality},
journal ={Mixed and Augmented Reality, IEEE / ACM International Symposium on},
year = {2003},
pages = {123}
}

%19
@article{Milgram1994,
	author    = {Milgram, Paul   and Kishino, Fumio},
	title     = {A Taxonomy of Mixed Reality Visual Displays},
	journal   = {IEICE Transactions on Information Systems},
	volume    = {E77-D},
	number    = {12},
	month     = {December},
	year      = {1994}
}

%20
@INPROCEEDINGS{Nunez2008,
 author     = {Manuela Nuñez and Ricardo Quirós and Inma Nuñez and Juan B. Carda and Camahort Emilio},
 title      = {Collaborative Augmented Reality for inorganic chemistry education},
 booktitle  = {New aspects of engineering education, Proceedings of the 5th WSEAS},
 year       = {2008},
 month      = {Jul},
 volume     = {},
 number     = {},
 pages      = {271-277}
}

%21
@INPROCEEDINGS{RAKOV,
 author     = {RAKOV S. and OLEINIK T. and OLEINIK S.},
 title      = {Computer Explorations In Math Courses (Geometry, Algebra and Calculus)},
 booktitle = {ICTMT - 3: Technology in Mathematics Teaching},
 year = {1998}
}

%22
@INPROCEEDINGS{ROVELO01,
 author     = {ROVELO G. and ABAD F. and JUAN M. and CAMAHORT E.},
 title      = {Sistema de Realidad Aumentada para Enseñanza de Geometría},
 booktitle  = {Congreso Español de Informática Gráfica (CEIG'09)},
 year       = {2009},
 month      = {Sep}
}

%23
@INPROCEEDINGS{ROVELO02,
 author     = {ROVELO G. and ABAD F. and JUAN M. and CAMAHORT E.},
 title      = {A Low Cost Augmented Reality System to Help Students Learn Geometric Concepts},
 booktitle  = {Joint Virtual Reality Conference of  EGVE - ICAT - EuroVR. Enviado},
 year       = {2009}
}


%24
@ARTICLE{Schmalstieg2002,
 author     = {SCHMALSTIEG D. and FUHRMANN A. and HESINA G. and SZALÁVARI Z. and ENCARNAO L. and GERVAUTZ M. and PURGATHOFER W.},
 title      = {The studierstube augmented reality project},
 journal    = {resence: Teleoper. Virtual Environ.},
 year       = {2002},
 pages      = {33-54}
}

%25
@inproceedings{Schmalstieg1996,
 author     = {D. Schmalstieg and A. Fuhrmann and Zs. Szalavári and M. Gervautz},
 title      = {"Studierstube" - An Environment for Collaboration in Augmented Reality},
 booktitle  = {Proceedings of Collaborative Virtual Environments '96},
 year       = {1996},
 pages      = {19-20}
 }

%26
@ARTICLE{Schmalstieg2000,
 author     = {Dieter Schmalstieg and Michael Wagner and Hannes Kaufmann and Hannes Kaufmann and Lange Gasse},
 title      = {Construct3D: a virtual reality application for mathematics and geometry education},
 journal    = {Education and Information Technologies},
 year       = {2000},
 volume     = {5},
 pages      = {263-276}
}


%27
@inproceedings{Shelton2002,
 author			= {Shelton, B.E. and Hedley, N.R.},
 title			= {Using augmented reality for teaching Earth-Sun relationships to undergraduate geography students},
 booktitle  = {First IEEE International Augmented Reality Toolkit Workshop},
 year       = {2002},
 address    = {Darmstadt, Germany}
}


%28
@inproceedings{Spalter2000,
 author     = {Spalter, Anne Morgan and Simpson, Rosemary Michelle},
 title      = {Integrating interactive computer-based learning experiences into established curricula: a case study},
 booktitle  = {ITiCSE '00: Proceedings of the 5th annual SIGCSE/SIGCUE ITiCSE Conference on Innovation and technology in computer science 
               education},
 year       = {2000},
 pages      = {116--119}
}

%29
@article{Szalavari1997,
 author     = {Zsolt Szalavári and Michael Gervautz},
 title      = {The personal interaction panel - a two-handed interface for augmented reality},
 journal  = {COMPUTER GRAPHICS FORUM},
 volume     = {16},
 number     = {3},
 year       = {1997},
 pages      = {335-346},
 publisher  = {}
}



%30
@article{Taxen2001,
	author    = {Gustav Tax\'en and Ambjorn Naeve},
	title     = {CyberMath: Exploring Open Issues in VR-Based Learning},
  journal   = {SIGGRAPH 2001 Conference Abstracts and Applications},
  year      = {2001},
  volume    = {},
  pages     = {49-51}
}




%7
@INPROCEEDINGS{Castillo2008,
 author     = {Castillo, S.},
 title      = {Propuesta pedagógica basada en el constructivismo para el uso óptimo de las TIC en la enseñanza y el aprendizaje de la matemática},
 booktitle  = {RELIME. Revista latinoamericana de investigación en matemática educativa},
 year       = {2008},
 volume     = {11},
 pages      = {171 - 194}
}

 
